<?xml version="1.0" encoding="UTF-8"?><record xmlns="http://www.loc.gov/MARC21/slim" xmlns:cinclude="http://apache.org/cocoon/include/1.0" xmlns:zs="http://www.loc.gov/zing/srw/">
  <leader>00620cz  a2200157n  4500</leader>
  <controlfield tag="001">no2005080425</controlfield>
  <controlfield tag="003">DLC</controlfield>
  <controlfield tag="005">20130323090656.0</controlfield>
  <controlfield tag="008">050829n| azannaabn          |b ana     c</controlfield>
  <datafield tag="010" ind1=" " ind2=" ">
    <subfield code="a">no2005080425</subfield>
  </datafield>
  <datafield tag="035" ind1=" " ind2=" ">
    <subfield code="a">(OCoLC)oca06719318</subfield>
  </datafield>
  <datafield tag="040" ind1=" " ind2=" ">
    <subfield code="a">MH</subfield>
    <subfield code="b">eng</subfield>
    <subfield code="e">rda</subfield>
    <subfield code="c">MH</subfield>
    <subfield code="d">DLC</subfield>
  </datafield>
  <datafield tag="110" ind1="2" ind2=" ">
    <subfield code="a">University of St. Andrews.</subfield>
    <subfield code="b">Department of Mediaeval History</subfield>
  </datafield>
  <datafield tag="410" ind1="2" ind2=" ">
    <subfield code="w">nnea</subfield>
    <subfield code="a">University of St. Andrews.</subfield>
    <subfield code="b">Dept. of Mediaeval History</subfield>
  </datafield>
  <datafield tag="510" ind1="2" ind2=" ">
    <subfield code="w">r</subfield>
    <subfield code="i">Hierarchical superior:</subfield>
    <subfield code="a">University of St. Andrews</subfield>
  </datafield>
  <datafield tag="670" ind1=" " ind2=" ">
    <subfield code="a">Conversion and Christianity in the North Sea world, 1998:</subfield>
    <subfield code="b">p. [2] of cover (Dept. of Mediaeval History, University of St. Andrews)</subfield>
  </datafield>
</record>